@book{kress2012numerical,
  title={Numerical Analysis},
  author={Kress, R.},
  isbn={9781461205999},
  lccn={97043748},
  series={Graduate Texts in Mathematics},
  url={https://books.google.ru/books?id=Jv\_ZBwAAQBAJ},
  year={2012},
  publisher={Springer New York}
}

@article{ridge,
  title={Ridge regression: Biased estimation for nonorthogonal problems},
  author={Arthur E. Hoerl; Robert W. Kennard},
  year={1970},
  publisher={Technometrics},
  pages={55–-67}
}

@article{lasso,
  title={Regression Shrinkage and Selection via the Lasso},
  author={Tibshirani, Robert},
  year={1996},
  publisher={Journal of the Royal Statistical Society},
  pages={267-–288}
}

@article{dantzig_selector,
  title={The Dantzig selector: Statistical estimation when p is much larger than n},
  author={Candes, Emmanuel; Tao, Terence},
  year={2007},
  publisher={Annals of Statistics},
  pages={2313–-2351}
}

@article{rlad,
  title={Regularized Least Absolute Deviations Regression and an Efficient Algorithm for Parameter Tuning},
  author={Li Wang, Michael D. Gordon, Ji Zhu},
  year={2006},
  publisher={Sixth International Conference on Data Mining},
  pages={690–-700}
}

@article{slope,
  title={Statistical estimation and testing via the ordered L1 norm},
  author={Małgorzata Bogdan, Ewout van den Berg, Weijie Su, Emmanuel J. Candes},
  year={2013}
}

@book{bishop,
  title={Pattern Recognition and Machine Learning},
  author={Bishop, C.M.},
  isbn={9780387310732},
  lccn={2006922522},
  series={Information Science and Statistics},
  url={https://books.google.ru/books?id=kTNoQgAACAAJ},
  year={2006},
  publisher={Springer}
}

@book{haykin,
  title={Neural Networks: A Comprehensive Foundation},
  author={Haykin, S.S.},
  isbn={9780132733502},
  lccn={gb98059240},
  series={International edition},
  url={https://books.google.ru/books?id=bX4pAQAAMAAJ},
  year={1999},
  publisher={Prentice Hall}
}

@book{mason2002chebyshev,
  title={Chebyshev Polynomials},
  author={Mason, J.C. and Handscomb, D.C.},
  isbn={9781420036114},
  url={https://books.google.ru/books?id=g1DMBQAAQBAJ},
  year={2002},
  publisher={CRC Press}
}

@book{fourierintro,
  title={Introduction to the Theory of Fourier's Series},
  author={Maxime Bocher},
  isbn={9781420036114},
  url={https://www.jstor.org/stable/1967238},
  year={2020},
  publisher={Mathematics Department, Princeton University, Annals of Mathematics, Second Series, Vol. 7, No. 3},
  pages={81--152}
}

@book{abramowitz1965handbook,
  title={Handbook of Mathematical Functions: With Formulas, Graphs, and Mathematical Tables},
  author={Abramowitz, M. and Stegun, I.A.},
  isbn={9780486612720},
  lccn={lc65012253},
  series={Applied mathematics series},
  url={https://books.google.ru/books?id=MtU8uP7XMvoC},
  year={1965},
  publisher={Dover Publications}
}

@book{finlayson2013method,
  title={The Method of Weighted Residuals and Variational Principles},
  author={Finlayson, B.A.},
  isbn={9781611973235},
  lccn={2013036574},
  series={Classics in Applied Mathematics},
  url={https://books.google.ru/books?id=3W3PAgAAQBAJ},
  year={2013},
  publisher={Society for Industrial and Applied Mathematics}
}

@book{fletcher2012computational,
  title={Computational Galerkin Methods},
  author={Fletcher, C.A.J.},
  isbn={9783642859496},
  series={Scientific Computation},
  url={https://books.google.ru/books?id=mav1CAAAQBAJ},
  year={2012},
  publisher={Springer Berlin Heidelberg}
}

@book{gentle2007matrix,
  title={Matrix Algebra: Theory, Computations, and Applications in Statistics},
  author={Gentle, J.E.},
  isbn={9780387708720},
  lccn={2007930269},
  series={Springer Texts in Statistics},
  url={https://books.google.ru/books?id=Pbz3D7Tg5eoC},
  year={2007},
  publisher={Springer}
}

@article{cybenko1989approximations,
  title={Approximations by Superpositions of a Sigmoidal Function},
  author={Cybenko, G.},
  series={Report},
  url={https://books.google.ru/books?id=Xm3HtgAACAAJ},
  year={1989},
  publisher={University of Illinois at Urbana-Champaign, Center for Supercomputing Research and Development}
}

@book{dimov2019finite,
  title={Finite Difference Methods. Theory and Applications: 7th International Conference, FDM 2018, Lozenetz, Bulgaria, June 11-16, 2018, Revised Selected Papers},
  author={Dimov, I. and Farag{\'o}, I. and Vulkov, L.},
  isbn={9783030115395},
  series={Lecture Notes in Computer Science},
  url={https://books.google.ru/books?id=23iFDwAAQBAJ},
  year={2019},
  publisher={Springer International Publishing}
}