@book{kress2012numerical,
  title={Numerical Analysis},
  author={Kress, R.},
  isbn={9781461205999},
  lccn={97043748},
  series={Graduate Texts in Mathematics},
  url={https://books.google.ru/books?id=Jv\_ZBwAAQBAJ},
  year={2012},
  publisher={Springer New York}
}

@article{ridge,
  title={Ridge regression: Biased estimation for nonorthogonal problems},
  author={Arthur E. Hoerl; Robert W. Kennard},
  year={1970},
  publisher={Technometrics},
  pages={55–-67}
}

@article{lasso,
  title={Regression Shrinkage and Selection via the Lasso},
  author={Tibshirani, Robert},
  year={1996},
  publisher={Journal of the Royal Statistical Society},
  pages={267-–288}
}

@article{dantzig_selector,
  title={The Dantzig selector: Statistical estimation when p is much larger than n},
  author={Candes, Emmanuel; Tao, Terence},
  year={2007},
  publisher={Annals of Statistics},
  pages={2313–-2351}
}

@article{rlad,
  title={Regularized Least Absolute Deviations Regression and an Efficient Algorithm for Parameter Tuning},
  author={Li Wang, Michael D. Gordon, Ji Zhu},
  year={2006},
  publisher={Sixth International Conference on Data Mining},
  pages={690–-700}
}

@article{slope,
  title={Statistical estimation and testing via the ordered L1 norm},
  author={Małgorzata Bogdan, Ewout van den Berg, Weijie Su, Emmanuel J. Candes},
  year={2013}
}

@book{bishop,
  title={Pattern Recognition and Machine Learning},
  author={Bishop, C.M.},
  isbn={9780387310732},
  lccn={2006922522},
  series={Information Science and Statistics},
  url={https://books.google.ru/books?id=kTNoQgAACAAJ},
  year={2006},
  publisher={Springer}
}

@book{haykin,
  title={Neural Networks: A Comprehensive Foundation},
  author={Haykin, S.S.},
  isbn={9780132733502},
  lccn={gb98059240},
  series={International edition},
  url={https://books.google.ru/books?id=bX4pAQAAMAAJ},
  year={1999},
  publisher={Prentice Hall}
}

@book{mason2002chebyshev,
  title={Chebyshev Polynomials},
  author={Mason, J.C. and Handscomb, D.C.},
  isbn={9781420036114},
  url={https://books.google.ru/books?id=g1DMBQAAQBAJ},
  year={2002},
  publisher={CRC Press}
}

@book{fourierintro,
  title={Introduction to the Theory of Fourier's Series},
  author={Maxime Bocher},
  isbn={9781420036114},
  url={https://www.jstor.org/stable/1967238},
  year={2020},
  publisher={Mathematics Department, Princeton University, Annals of Mathematics, Second Series, Vol. 7, No. 3},
  pages={81--152}
}

@book{abramowitz1965handbook,
  title={Handbook of Mathematical Functions: With Formulas, Graphs, and Mathematical Tables},
  author={Abramowitz, M. and Stegun, I.A.},
  isbn={9780486612720},
  lccn={lc65012253},
  series={Applied mathematics series},
  url={https://books.google.ru/books?id=MtU8uP7XMvoC},
  year={1965},
  publisher={Dover Publications}
}

@book{finlayson2013method,
  title={The Method of Weighted Residuals and Variational Principles},
  author={Finlayson, B.A.},
  isbn={9781611973235},
  lccn={2013036574},
  series={Classics in Applied Mathematics},
  url={https://books.google.ru/books?id=3W3PAgAAQBAJ},
  year={2013},
  publisher={Society for Industrial and Applied Mathematics}
}

@book{fletcher2012computational,
  title={Computational Galerkin Methods},
  author={Fletcher, C.A.J.},
  isbn={9783642859496},
  series={Scientific Computation},
  url={https://books.google.ru/books?id=mav1CAAAQBAJ},
  year={2012},
  publisher={Springer Berlin Heidelberg}
}

@book{gentle2007matrix,
  title={Matrix Algebra: Theory, Computations, and Applications in Statistics},
  author={Gentle, J.E.},
  isbn={9780387708720},
  lccn={2007930269},
  series={Springer Texts in Statistics},
  url={https://books.google.ru/books?id=Pbz3D7Tg5eoC},
  year={2007},
  publisher={Springer}
}

@article{cybenko1989approximations,
  title={Approximations by Superpositions of a Sigmoidal Function},
  author={Cybenko, G.},
  series={Report},
  url={https://books.google.ru/books?id=Xm3HtgAACAAJ},
  year={1989},
  publisher={University of Illinois at Urbana-Champaign, Center for Supercomputing Research and Development}
}

@book{dimov2019finite,
  title={Finite Difference Methods. Theory and Applications: 7th International Conference, FDM 2018, Lozenetz, Bulgaria, June 11-16, 2018, Revised Selected Papers},
  author={Dimov, I. and Farag{\'o}, I. and Vulkov, L.},
  isbn={9783030115395},
  series={Lecture Notes in Computer Science},
  url={https://books.google.ru/books?id=23iFDwAAQBAJ},
  year={2019},
  publisher={Springer International Publishing}
}

@article{Adagrad,
  author  = {John Duchi and Elad Hazan and Yoram Singer},
  title   = {Adaptive Subgradient Methods for Online Learning and Stochastic Optimization},
  journal = {Journal of Machine Learning Research},
  year    = {2011},
  volume  = {12},
  number  = {61},
  pages   = {2121-2159},
  url     = {http://jmlr.org/papers/v12/duchi11a.html}
}

@misc{Adadelta,
    title={ADADELTA: An Adaptive Learning Rate Method},
    author={Matthew D. Zeiler},
    year={2012},
    eprint={1212.5701},
    archivePrefix={arXiv},
    primaryClass={cs.LG}
}

@misc{Adam,
    title={Adam: A Method for Stochastic Optimization},
    author={Diederik P. Kingma and Jimmy Ba},
    year={2014},
    eprint={1412.6980},
    archivePrefix={arXiv},
    primaryClass={cs.LG}
}

@misc{Diffgrad,
    title={diffGrad: An Optimization Method for Convolutional Neural Networks},
    author={Shiv Ram Dubey and Soumendu Chakraborty and Swalpa Kumar Roy and Snehasis Mukherjee and Satish Kumar Singh and Bidyut Baran Chaudhuri},
    year={2019},
    eprint={1909.11015},
    archivePrefix={arXiv},
    primaryClass={cs.LG}
}

@book{chauvin2013backpropagation,
  title={Backpropagation: Theory, Architectures, and Applications},
  author={Chauvin, Y. and Rumelhart, D.E.},
  isbn={9781134775811},
  series={Developments in Connectionist Theory Series},
  url={https://books.google.ru/books?id=B71nu3LDpREC},
  year={2013},
  publisher={Taylor \& Francis}
}

@article{Lagaris_1998,
   title={Artificial neural networks for solving ordinary and partial differential equations},
   volume={9},
   ISSN={1045-9227},
   url={http://dx.doi.org/10.1109/72.712178},
   DOI={10.1109/72.712178},
   number={5},
   journal={IEEE Transactions on Neural Networks},
   publisher={Institute of Electrical and Electronics Engineers (IEEE)},
   author={Lagaris, I.E. and Likas, A. and Fotiadis, D.I.},
   year={1998},
   pages={987–1000}
}

@misc{liu2019solving,
    title={Solving Differential Equation with Constrained Multilayer Feedforward Network},
    author={Zeyu Liu and Yantao Yang and Qing-Dong Cai},
    year={2019},
    eprint={1904.06619},
    archivePrefix={arXiv},
    primaryClass={math.NA}
}

@misc{cao2016locally,
    title={Locally Imposing Function for Generalized Constraint Neural Networks - A Study on Equality Constraints},
    author={Linlin Cao and Ran He and Bao-Gang Hu},
    year={2016},
    eprint={1604.05198},
    archivePrefix={arXiv},
    primaryClass={cs.NE}
}

@article{Sirignano_2018,
   title={DGM: A deep learning algorithm for solving partial differential equations},
   volume={375},
   ISSN={0021-9991},
   url={http://dx.doi.org/10.1016/j.jcp.2018.08.029},
   DOI={10.1016/j.jcp.2018.08.029},
   journal={Journal of Computational Physics},
   publisher={Elsevier BV},
   author={Sirignano, Justin and Spiliopoulos, Konstantinos},
   year={2018},
   month={Dec},
   pages={1339–1364}
}

@article{Pun_2019,
   title={Physically informed artificial neural networks for atomistic modeling of materials},
   volume={10},
   ISSN={2041-1723},
   url={http://dx.doi.org/10.1038/s41467-019-10343-5},
   DOI={10.1038/s41467-019-10343-5},
   number={1},
   journal={Nature Communications},
   publisher={Springer Science and Business Media LLC},
   author={Pun, G. P. Purja and Batra, R. and Ramprasad, R. and Mishin, Y.},
   year={2019},
   month={May}
}

@article{cheb2d,
  title={Производящая функция полиномов Чебышёва двух переменных, ассоциированных с алгеброй Ли G\_2},
  author={Дамаскинский, Евгений Викторович and Соколов, Михаил Анатольевич},
  journal={Теоретическая и математическая физика},
  volume={192},
  number={2},
  pages={207--220},
  year={2017},
  publisher={Российская академия наук, Математический институт им. ВА Стеклова Российской~…}
}

@inproceedings{glorot2010understanding,
  title={Understanding the difficulty of training deep feedforward neural networks},
  author={Glorot, Xavier and Bengio, Yoshua},
  booktitle={Proceedings of the thirteenth international conference on artificial intelligence and statistics},
  pages={249--256},
  year={2010}
}

@inproceedings{he2015delving,
  title={Delving deep into rectifiers: Surpassing human-level performance on imagenet classification},
  author={He, Kaiming and Zhang, Xiangyu and Ren, Shaoqing and Sun, Jian},
  booktitle={Proceedings of the IEEE international conference on computer vision},
  pages={1026--1034},
  year={2015}
}

@article{saxe2013exact,
  title={Exact solutions to the nonlinear dynamics of learning in deep linear neural networks},
  author={Saxe, Andrew M and McClelland, James L and Ganguli, Surya},
  journal={arXiv preprint arXiv:1312.6120},
  year={2013}
}

@book{gould1983introduction,
  title={Introduction to Linear Elasticity},
  author={Gould, P.L. and Gould, P.L. and L, P.},
  isbn={9783540908760},
  lccn={lc83010562},
  url={https://books.google.ru/books?id=VjAZAQAAIAAJ},
  year={1983},
  publisher={Springer New York}
}


@book{barber1992elasticity,
  title={Elasticity},
  author={Barber, J.R.},
  isbn={9780792316091},
  lccn={91046435},
  series={Solid Mechanics and Its Applications},
  url={https://books.google.ru/books?id=8UWKHNUxg7cC},
  year={1992},
  publisher={Springer}
}


@book{temam1979navier,
  title={Navier-Stokes equations: theory and numerical analysis},
  author={Temam, R.},
  isbn={9780444853073},
  lccn={79015106},
  series={Studies in mathematics and its applications},
  url={https://books.google.ru/books?id=GjTvAAAAMAAJ},
  year={1979},
  publisher={North-Holland Pub. Co.}
}

@book{rieutord2014fluid,
  title={Fluid Dynamics: An Introduction},
  author={Rieutord, M.},
  isbn={9783319093512},
  series={Graduate Texts in Physics},
  url={https://books.google.ru/books?id=fgf2BQAAQBAJ},
  year={2014},
  publisher={Springer International Publishing}
}

