@article{merxhani2016introduction,
  title={An introduction to linear poroelasticity},
  author={Merxhani, Andi},
  journal={arXiv preprint arXiv:1607.04274},
  year={2016}
}

@book{liu2019fluid,
  title={Fluid Flow in Fractured Porous Media},
  author={Liu, R. and Jiang, Y.},
  isbn={9783039214235},
  url={https://books.google.ru/books?id=vsGyDwAAQBAJ},
  year={2019},
  publisher={Mdpi AG}
}

@book{veatch2017essentials,
  title={Essentials of Hydraulic Fracturing: Vertical and Horizontal Wellbores},
  author={Veatch, R.W. and King, G.E. and Holditch, S.A.},
  isbn={9781593703578},
  lccn={2015028261},
  url={https://books.google.ru/books?id=LQdpDwAAQBAJ},
  year={2017},
  publisher={PennWell Corporation}
}

@book{finlayson2013method,
  title={The Method of Weighted Residuals and Variational Principles},
  author={Finlayson, B.A.},
  isbn={9781611973235},
  lccn={2013036574},
  series={Classics in Applied Mathematics},
  url={https://books.google.ru/books?id=3W3PAgAAQBAJ},
  year={2013},
  publisher={Society for Industrial and Applied Mathematics}
}

@book{fletcher2012computational,
  title={Computational Galerkin Methods},
  author={Fletcher, C.A.J.},
  isbn={9783642859496},
  series={Scientific Computation},
  url={https://books.google.ru/books?id=mav1CAAAQBAJ},
  year={2012},
  publisher={Springer Berlin Heidelberg}
}

@book{фихтенгольц1968основы,
  title={Основы математического анализа},
  author={Фихтенгольц, Г.М.},
  isbn={9785458783521},
  url={https://books.google.ru/books?id=9g4HAwAAQBAJ},
  year={1968},
  publisher={Издательство "Наукa", Главная редакция физико-математической литературы}
}

@article{osti_1592387,
title = {A Generalized Poroelastic Model Using FEniCS with Insights into the Noordbergum Effect},
author = {Haagenson, Ryan and Rajaram, Harihar and Allen, Jeffery M},
doi = {10.1016/j.cageo.2019.104399},
journal = {Computers and Geosciences},
number = ,
volume = 135,
place = {United States},
year = {2019},
month = {12}
}

@book{cheng2016poroelasticity,
  title={Poroelasticity},
  author={Cheng, A.H.D.},
  isbn={9783319252025},
  series={Theory and Applications of Transport in Porous Media},
  url={https://books.google.ru/books?id=SZkFDAAAQBAJ},
  year={2016},
  publisher={Springer International Publishing}
}

@book{selvadurai1996mechanics,
  title={Mechanics of Poroelastic Media},
  author={Selvadurai, A.P.S.},
  isbn={9780792333296},
  lccn={95024707},
  series={Solid Mechanics and Its Applications},
  url={https://books.google.ru/books?id=jt1mYB8cBMwC},
  year={1996},
  publisher={Springer Netherlands}
}

@book{wang2017theory,
  title={Theory of Linear Poroelasticity with Applications to Geomechanics and Hydrogeology},
  author={Wang, H.F.},
  isbn={9781400885688},
  series={Princeton Series in Geophysics},
  url={https://books.google.ru/books?id=4GfVDQAAQBAJ},
  year={2017},
  publisher={Princeton University Press}
}

